%  a sample bibliography file
%  Copy and paste bibtex citation from Google Scholar Engine for any paper

@inproceedings{posnett:2011,
  title={Ecological inference in empirical software engineering},
  author={Posnett, Daryl and Filkov, Vladimir and Devanbu, Premkumar},
  booktitle={Proceedings of the 2011 26th IEEE/ACM International Conference on Automated Software Engineering},
  pages={362--371},
  year={2011},
  organization={IEEE Computer Society}
}
