%  a sample bibliography file
%  Copy and paste bibtex citation from Google Scholar Engine for any paper

@article{author:year,
author = {Doe, John},
title = {A sample paper},
journal = {The journal of sample papers},
year = 2015,
volume = {1},
note = {just a note},
}