% Focus of Literature Review
@inproceedings{Posnett:2011,
  title={Ecological inference in empirical software engineering},
  author={Posnett, Daryl and Filkov, Vladimir and Devanbu, Premkumar},
  booktitle={Proceedings of the 2011 26th IEEE/ACM International Conference on Automated Software Engineering},
  pages={362--371},
  year={2011},
  organization={IEEE Computer Society}
}

% Papers before 2011
@inproceedings{Nagappan:2008,
  title={The influence of organizational structure on software quality: an empirical case study},
  author={Nagappan, Nachiappan and Murphy, Brendan and Basili, Victor},
  booktitle={Proceedings of the 30th international conference on Software engineering},
  pages={521--530},
  year={2008},
  organization={ACM}
}

@article{Bird:2009,
  title={Does distributed development affect software quality?: an empirical case study of Windows Vista},
  author={Bird, Christian and Nagappan, Nachiappan and Devanbu, Premkumar and Gall, Harald and Murphy, Brendan},
  journal={Communications of the ACM},
  volume={52},
  number={8},
  pages={85--93},
  year={2009},
  publisher={ACM}
}

@article{Arisholm:2010,
  title={A systematic and comprehensive investigation of methods to build and evaluate fault prediction models},
  author={Arisholm, Erik and Briand, Lionel C and Johannessen, Eivind B},
  journal={Journal of Systems and Software},
  volume={83},
  number={1},
  pages={2--17},
  year={2010},
  publisher={Elsevier}
}

@article{Lessmann:2008,
  title={Benchmarking classification models for software defect prediction: A proposed framework and novel findings},
  author={Lessmann, Stefan and Baesens, Bart and Mues, Christophe and Pietsch, Swantje},
  journal={Software Engineering, IEEE Transactions on},
  volume={34},
  number={4},
  pages={485--496},
  year={2008},
  publisher={IEEE}
}

% Papers after 2011
@inproceedings{Bettenburg:2012,
  title={Think locally, act globally: Improving defect and effort prediction models},
  author={Bettenburg, Nicolas and Nagappan, Meiyappan and Hassan, Ahmed E},
  booktitle={Proceedings of the 9th IEEE Working Conference on Mining Software Repositories},
  pages={60--69},
  year={2012},
  organization={IEEE Press}
}

@inproceedings{Rahman:2012,
  title={Recalling the imprecision of cross-project defect prediction},
  author={Rahman, Foyzur and Posnett, Daryl and Devanbu, Premkumar},
  booktitle={Proceedings of the ACM SIGSOFT 20th International Symposium on the Foundations of Software Engineering},
  pages={61},
  year={2012},
  organization={ACM}
}

@inproceedings{Rahman:2013,
  title={How, and why, process metrics are better},
  author={Rahman, Foyzur and Devanbu, Premkumar},
  booktitle={Proceedings of the 2013 International Conference on Software Engineering},
  pages={432--441},
  year={2013},
  organization={IEEE Press}
}

@inproceedings{Hata:2012,
  title={Bug prediction based on fine-grained module histories},
  author={Hata, Hideaki and Mizuno, Osamu and Kikuno, Tohru},
  booktitle={Proceedings of the 34th International Conference on Software Engineering},
  pages={200--210},
  year={2012},
  organization={IEEE Press}
}

@inproceedings{Giger:2012,
  title={Method-level bug prediction},
  author={Giger, Emanuel and D'Ambros, Marco and Pinzger, Martin and Gall, Harald C},
  booktitle={Proceedings of the ACM-IEEE international symposium on Empirical software engineering and measurement},
  pages={171--180},
  year={2012},
  organization={ACM}
}

@MISC{Economist:2007,
  author = {{\emph{The Economist}}},
  title ={Signs of the Times},
  year = 2007,
  month = {February 22,},
}

@article{Piantadosi:1988,
  title={The ecological fallacy},
  author={Piantadosi, Steven and Byar, David P and Green, Sylvan B},
  journal={American Journal of Epidemiology},
  volume={127},
  number={5},
  pages={893--904},
  year={1988},
  publisher={Oxford University Press}
}

@inproceedings{Zimmerman:2009,
  title={Cross-project defect prediction: a large scale experiment on data vs. domain vs. process},
  author={Zimmermann, Thomas and Nagappan, Nachiappan and Gall, Harald and Giger, Emanuel and Murphy, Brendan},
  booktitle={Proceedings of the the 7th joint meeting of the European software engineering conference and the ACM SIGSOFT symposium on The foundations of software engineering},
  pages={91--100},
  year={2009},
  organization={ACM}
}

@inproceedings{Nguyen:2010,
  title={Studying the impact of dependency network measures on software quality},
  author={Nguyen, Thanh HD and Adams, Bram and Hassan, Ahmed E},
  booktitle={Software Maintenance (ICSM), 2010 IEEE International Conference on},
  pages={1--10},
  year={2010},
  organization={IEEE}
}

@inproceedings{Meneely:2008,
  title={Predicting failures with developer networks and social network analysis},
  author={Meneely, Andrew and Williams, Laurie and Snipes, Will and Osborne, Jason},
  booktitle={Proceedings of the 16th ACM SIGSOFT International Symposium on Foundations of software engineering},
  pages={13--23},
  year={2008},
  organization={ACM}
}

@inproceedings{Nagappan:2006,
  title={Mining metrics to predict component failures},
  author={Nagappan, Nachiappan and Ball, Thomas and Zeller, Andreas},
  booktitle={Proceedings of the 28th international conference on Software engineering},
  pages={452--461},
  year={2006},
  organization={ACM}
}

@inproceedings{Bettenburg:2010,
  title={Studying the impact of social structures on software quality},
  author={Bettenburg, Nicolas and Hassan, Ahmed E},
  booktitle={Program Comprehension (ICPC), 2010 IEEE 18th International Conference on},
  pages={124--133},
  year={2010},
  organization={IEEE}
}

@article{Turhan:2009,
  title={On the relative value of cross-company and within-company data for defect prediction},
  author={Turhan, Burak and Menzies, Tim and Bener, Ay{\c{s}}e B and Di Stefano, Justin},
  journal={Empirical Software Engineering},
  volume={14},
  number={5},
  pages={540--578},
  year={2009},
  publisher={Springer}
}

@inproceedings{Wolf:2009,
  title={Predicting build failures using social network analysis on developer communication},
  author={Wolf, Timo and Schroter, Adrian and Damian, Daniela and Nguyen, Thanh},
  booktitle={Proceedings of the 31st International Conference on Software Engineering},
  pages={1--11},
  year={2009},
  organization={IEEE Computer Society}
}

@inproceedings{Menzies:2011,
  title={Local vs. global models for effort estimation and defect prediction},
  author={Menzies, Tim and Butcher, Andrew and Marcus, Andrian and Zimmermann, Thomas and Cok, David},
  booktitle={Proceedings of the 2011 26th IEEE/ACM International Conference on Automated Software Engineering},
  pages={343--351},
  year={2011},
  organization={IEEE Computer Society}
}

@inproceedings{Binkley:2007,
  title={Software fault prediction using language processing},
  author={Binkley, David and Feild, Henry and Lawrie, Dawn and Pighin, Maurizio},
  booktitle={Testing: Academic and Industrial Conference Practice and Research Techniques-MUTATION, 2007. TAICPART-MUTATION 2007},
  pages={99--110},
  year={2007},
  organization={IEEE}
}

@inproceedings{Yue:2009,
  title={Variance analysis in software fault prediction models},
  author={Jiang, Yue and Lin, Jie and Cukic, Bojan and Menzies, Tim},
  booktitle={Software Reliability Engineering, 2009. ISSRE'09. 20th International Symposium on},
  pages={99--108},
  year={2009},
  organization={IEEE}
}